

% ===== AUTO-GENERATED LATEX LABELS =====
% Generated on 2025-07-22 21:40:21
% Total labels: 8

@misc{fig:paperclip,
  title = {LaTeX Label: fig:paperclip},
  note = {Internal cross-reference},
  keywords = {label},
  year = {9999}
}

@misc{sec:ai-integration,
  title = {LaTeX Label: sec:ai-integration},
  note = {Internal cross-reference},
  keywords = {label},
  year = {9999}
}

@misc{sec:ai-solution,
  title = {LaTeX Label: sec:ai-solution},
  note = {Internal cross-reference},
  keywords = {label},
  year = {9999}
}

@misc{sec:alignment-threat,
  title = {LaTeX Label: sec:alignment-threat},
  note = {Internal cross-reference},
  keywords = {label},
  year = {9999}
}

@misc{sec:baseline-assessment,
  title = {LaTeX Label: sec:baseline-assessment},
  note = {Internal cross-reference},
  keywords = {label},
  year = {9999}
}

@misc{sec:infrastructure-development,
  title = {LaTeX Label: sec:infrastructure-development},
  note = {Internal cross-reference},
  keywords = {label},
  year = {9999}
}

@misc{sec:paperclip-crisis,
  title = {LaTeX Label: sec:paperclip-crisis},
  note = {Internal cross-reference},
  keywords = {label},
  year = {9999}
}

@misc{sec:recursive-improvement,
  title = {LaTeX Label: sec:recursive-improvement},
  note = {Internal cross-reference},
  keywords = {label},
  year = {9999}
}

