

% ===== AUTO-GENERATED LATEX LABELS =====
% Generated on 2025-07-22 19:25:20
% Total labels: 0

